% Encoding: UTF-8

@TechReport{Nigusse2004,
  author      = {B. A. Nigusse},
  title       = {Radiation heat transfer in enclosure using {Monte-Carlo} method},
  institution = {Oklahoma State University},
  year        = {2004},
  address     = {Stillwater, OK},
  note        = {Semester project final report for {MAE 5823}},
}

@Book{Modest2003,
  title     = {Radiative Heat Transfer},
  publisher = {Acadmeic Press},
  year      = {2003},
  author    = {Michael Modest},
  address   = {Cambridge, MA},
  edition   = {2\textsuperscript{nd}},
}

@TechReport{Walton2002,
  author      = {George N. Walton},
  title       = {Calculation of obstructed view factors by adaptive integration},
  institution = {NIST},
  year        = {2002},
  number      = {NISTIR 6925},
  address     = {Gaithersburg, MD},
}

@TechReport{HolmanSpitlerSikha2012,
  author      = {John Holman and Rachel Spitler and Sudha Sikha},
  title       = {{Monte Carlo} ray tracing program improvements},
  institution = {Oklahoma State University},
  year        = {2012},
  address     = {Stillwater, OK},
  note        = {Semester project final report for MAE 5823},
}

@Comment{jabref-meta: databaseType:bibtex;}
